<?xml version="1.0" encoding="UTF-8"?><collection xmlns="http://www.loc.gov/MARC21/slim"><record><leader>00652nam--2200193-i-4500</leader><controlfield tag="001">000012612</controlfield><controlfield tag="002">20161230</controlfield><controlfield tag="005">20161230201029</controlfield><controlfield tag="008">060222s1000------------r-----000-0-rum-d</controlfield><datafield ind1=" " ind2=" " tag="040"><subfield code="a">IFIN-HH</subfield></datafield><datafield ind1=" " ind2=" " tag="041"><subfield code="a">rum</subfield></datafield><datafield ind1=" " ind2=" " tag="080"><subfield code="a">539.183.3(047.3)</subfield></datafield><datafield ind1="1" ind2=" " tag="100"><subfield code="a">Brindus, Lucian</subfield></datafield><datafield ind1="1" ind2="0" tag="245"><subfield code="a">Metoda de determinare a parametrilor de ecra nare atomici cu aplicatii in teoria radiatiei plasmei</subfield><subfield code="b">Rezumatul tezei de doctorat</subfield><subfield code="c">Lucian brindus</subfield></datafield><datafield ind1=" " ind2=" " tag="260"><subfield code="a">Bucuresti</subfield><subfield code="b">Centrul De Multiplicare Al Universitatii</subfield><subfield code="c">1970</subfield></datafield><datafield ind1=" " ind2=" " tag="300"><subfield code="a">20 P</subfield></datafield><datafield ind1=" " ind2=" " tag="502"><subfield code="a">Conducator Stiintific: Acad.Prof.Dr.Doc. Eugen Badarau</subfield></datafield><datafield ind1=" " ind2=" " tag="852"><subfield code="a">45915</subfield><subfield code="c">539.18</subfield></datafield><datafield ind1=" " ind2=" " tag="CAT"><subfield code="a">Sys</subfield><subfield code="c">20120703</subfield><subfield code="h">171842</subfield></datafield></record></collection>